01REMESSA01COBRANCA       00000000000000000000GOLF CAPITAL SECURITIZADORA S.611PAULISTA S.A.  160321        MX0001173                                                                                                                                                                                                                                                                                     00000000000000000000000000000000000000000000000001
1                   01000000000000  000000000010001006636     6110000000000000000000000000001S000000        0115930/001 20092100000000803000013226300 160321000020000000000001000979            000000007325700000000000000201939979000392NG Metalurgica S.A                      Estrada Lazaro Pedro de Oliveira 300    15930    1  13413300GRAFICEL INDUSTRIA E COMERCIO DE ESCOVAS      0594263700011035210305942637000110550010000159301960578957000002
1                   01000000000000  000000000010001006635     6110000000000000000000000000001S000000        0115924/001 30092100000012617000013226300 160321000020000000000001000979            000000115104000000000000000225331521000152Itatiaia Moveis SA                      Av Padre Arnaldo Jansen                 15924    1  36500000GRAFICEL INDUSTRIA E COMERCIO DE ESCOVAS      0594263700011035210305942637000110550010000159241623335610000003
9                                                                                                                                                                                                                                                                                                                                                                                                         00000000000000000000000000000000000000000000000004