01REMESSA01COBRANCA       00000000000000000000GOLF CAPITAL SECURITIZADORA S.611PAULISTA S.A.  050321        MX0001778                                                                                                                                                                                                                                                                                     00000000000000000000000000000000000000000000000001
1                   01000000000000  000000000010001006585     6110000000000000000000000000001S000000        8415890/001 12092100000043259270013226312 050321000020000000000001000960            000000389101700000000000000203486563000120Metalex Ltda.                           AV. Nicolau Ferreira de Souza           15890    1  18147000GRAFICEL INDUSTRIA E COMERCIO DE ESCOVAS      0594263700011035210305942637000110550010000158901746537016000002
1                   01000000000000  000000000010001006463     6110000000000000000000000842471S050321        7415752/001 04092100000000824330013226312 080221000020000000000001000960            000000007504200000000000000260620606000151Waiswol Ltda.                 	  Rua Dr. Nicolino Morena 110     	  15752    1  02257000GRAFICEL INDUSTRIA E COMERCIO DE ESCOVAS      0594263700011035210205942637000110550010000157521444503542000003
9                                                                                                                                                                                                                                                                                                                                                                                                         00000000000000000000000000000000000000000000000004