01REMESSA01COBRANCA       00000000000000000000GOLF CAPITAL SECURITIZADORA S.611PAULISTA S.A.  160321        MX0001794                                                                                                                                                                                                                                                                                     00000000000000000000000000000000000000000000000001
1                   01000000000000  000000000010001006632     6110000000000000000000000000001S000000        8415931/001 20042100000001108800013226301 160321000020000000000001000978            000000010367500000000000000208749667000101Tormac Usinagem de Precisao Ltda.       Avenida Dona Belmira Marin 5614         15931    1  04846000GRAFICEL INDUSTRIA E COMERCIO DE ESCOVAS      0594263700011035210305942637000110550010000159311416467493000002
1                   01000000000000  000000000010001006630     6110000000000000000000000000001S000000        8415928/001 16042100000001408440013226301 160321000020000000000001000978            000000013169100000000000000212010714000160NTN do Brasil Producao de Semi-eixos LtdEstrada Municipal 400                   15928    1  07215040GRAFICEL INDUSTRIA E COMERCIO DE ESCOVAS      0594263700011035210305942637000110550010000159281950694573000003
1                   01000000000000  000000000010001006629     6110000000000000000000000000001S000000        8415927/001 16042100000001932070013226301 160321000020000000000001000978            000000018065100000000000000202855367000112Pack Banners Industria de Embalagens    Rua Joao Atilio Franzini 215            15927    1  13257596GRAFICEL INDUSTRIA E COMERCIO DE ESCOVAS      0594263700011035210305942637000110550010000159271460620185000004
1                   01000000000000  000000000010001006631     6110000000000000000000000000001S000000        8415929/001 19042100000003379200013226301 160321000020000000000001000978            000000031595900000000000000204078561000164Anderjai Industria Metalurgica Ltda     Rua Maria Fontes Machado 90             15929    1  83015482GRAFICEL INDUSTRIA E COMERCIO DE ESCOVAS      0594263700011035210305942637000110550010000159291726301838000005
1                   01000000000000  000000000010001006628     6110000000000000000000000000001S000000        8415926/001 16042100000003879910013226301 160321000020000000000001000978            000000036277700000000000000205083619000120Tecnobronze Ltda                        Estrada Duilio Beltramini 7087          15926    1  13278078GRAFICEL INDUSTRIA E COMERCIO DE ESCOVAS      0594263700011035210305942637000110550010000159261223250174000006
1                   01000000000000  000000000010001006633     6110000000000000000000000000001S000000        8415925/002 11052100000005445000013226301 160321000020000000000001000978            000000050911400000000000000203435356000146BMR Embalagens Plasticas Eireli         Rua Pedro SantaLucia 288                15925    1  04815250GRAFICEL INDUSTRIA E COMERCIO DE ESCOVAS      0594263700011035210305942637000110550010000159251449017236000007
1                   01000000000000  000000000010001006634     6110000000000000000000000000001S000000        8415925/001 27042100000005445000013226301 160321000020000000000001000978            000000050911400000000000000203435356000146BMR Embalagens Plasticas Eireli         Rua Pedro SantaLucia 288                15925    1  04815250GRAFICEL INDUSTRIA E COMERCIO DE ESCOVAS      0594263700011035210305942637000110550010000159251449017236000008
1                   01000000000000  000000000010001006459     6110000000000000000000002128321S160321        7415765/001 05032100000002021200013226301 080221000020000000000001000978            000000018399700000000000000227349675000105ADN Caldeiraria Eireli EPP              Avenida Prefeito Donato Marino 415      15765    1  13390000GRAFICEL INDUSTRIA E COMERCIO DE ESCOVAS      0594263700011035210205942637000110550010000157651132571206000009
9                                                                                                                                                                                                                                                                                                                                                                                                         00000000000000000000000000000000000000000000000010